
@article{kendall_primary_1969,
	title = {Primary Absolute Cavity Radiometer},
	journaltitle = {Technical Report},
	author = {Kendall, J M},
	date = {1969},
	langid = {english},
	file = {Kendall - 1969 - Primary Absolute Cavity Radiometer.pdf:/home/pw/Zotero/storage/Z788B6YL/Kendall - 1969 - Primary Absolute Cavity Radiometer.pdf:application/pdf},
}
